@inproceedings{hausman2018learning,
  title={Learning an embedding space for transferable robot skills},
  author={Hausman, Karol and Springenberg, Jost Tobias and Wang, Ziyu and Heess, Nicolas and Riedmiller, Martin},
  booktitle={International Conference on Learning Representations},
  year={2018}
}

@inproceedings{julian2018scaling,
  title={Scaling simulation-to-real transfer by learning composable robot skills},
  author={Julian, Ryan and Heiden, Eric and He, Zhanpeng and Zhang, Hejia and Schaal, Stefan and Lim, Joseph and Sukhatme, Gaurav and Hausman, Karol},
  booktitle={International Symposium on Experimental Robotics},
  pages={267--279},
  year={2018},
  organization={Springer}
}
